@MISC{Spaghetti-Junction,
    author = {{Wikipedia, the free encyclopedia}},
    title = {Highways Agency photo on flickr},
    year = {2008},
    note = {Own work derived from File:Aerial view of M6A38 Spaghetti Junction.jpg, whose license permits such derivative work when properly credited, CC BY 2.0},
    url = {https://commons.wikimedia.org/w/index.php?curid=19927460}
}

@MISC{AnyLogic,
    title={Road traffic simulation software},
    url={https://www.anylogic.com/road-traffic/}
}

@MISC{Highway-Code,
    title={The Highway Code - Guidance - GOV.UK},
    url={https://www.gov.uk/guidance/the-highway-code}
}

@MISC{graph-time-complexities,
    title={Time and Space Complexity of Adjacency Matrix and List | Baeldung on Computer Science},
    url={https://www.baeldung.com/cs/adjacency-matrix-list-complexity}
}

@MISC{mini-motorways,
    title={Mini Motorways},
    url={https://dinopoloclub.com/games/mini-motorways/}
}

@MISC{typescript,
    title={TypeScript: JavaScript With Syntax For Types.},
    url={https://www.typescriptlang.org/}
}

@MISC{typescript-logo,
    title={TypeScript: Branding},
    url={https://www.typescriptlang.org/branding/}
}

@MISC{fairhurst,
    title={Consulting Structural and Civil Engineers | Fairhurst},
    url={https://www.fairhurst.co.uk/}
}

@MISC{no-closed-form-bezier,
    title={A Primer on BÃ©zier Curves},
    url={https://pomax.github.io/bezierinfo/#arclength}
}

@MISC{cantor-pairing-function,
    title={The Cantor Pairing Function},
    url={https://pipme.github.io/2020-04-25-cantor-pairing/}
}

@MISC{maximum-graph-flow,
    title={Maximum flow problem - Wikipedia},
    url={https://en.wikipedia.org/wiki/Maximum_flow_problem}
}
